<?xml version="1.0" encoding="UTF-8"?><record xmlns="http://www.loc.gov/MARC21/slim" xmlns:cinclude="http://apache.org/cocoon/include/1.0" xmlns:zs="http://www.loc.gov/zing/srw/">
  <leader>01860nz  a2200265n  4500</leader>
  <controlfield tag="001">no2014022087</controlfield>
  <controlfield tag="003">DLC</controlfield>
  <controlfield tag="005">20140226141539.0</controlfield>
  <controlfield tag="008">140218n| azannaabn          |a aaa     c</controlfield>
  <datafield tag="010" ind1=" " ind2=" ">
    <subfield code="a">no2014022087</subfield>
  </datafield>
  <datafield tag="035" ind1=" " ind2=" ">
    <subfield code="a">(OCoLC)oca09685933</subfield>
  </datafield>
  <datafield tag="040" ind1=" " ind2=" ">
    <subfield code="a">RPJCB</subfield>
    <subfield code="b">eng</subfield>
    <subfield code="e">rda</subfield>
    <subfield code="c">RPJCB</subfield>
  </datafield>
  <datafield tag="046" ind1=" " ind2=" ">
    <subfield code="f">1668?</subfield>
    <subfield code="g">1744?</subfield>
    <subfield code="2">edtf</subfield>
  </datafield>
  <datafield tag="100" ind1="1" ind2=" ">
    <subfield code="a">Vázquez de Velasco, Pedro,</subfield>
    <subfield code="d">approximately 1668-approximately 1744</subfield>
  </datafield>
  <datafield tag="370" ind1=" " ind2=" ">
    <subfield code="a">Andahuaylas, Peru</subfield>
    <subfield code="e">Charcas, Bolivia</subfield>
  </datafield>
  <datafield tag="372" ind1=" " ind2=" ">
    <subfield code="a">Law</subfield>
  </datafield>
  <datafield tag="373" ind1=" " ind2=" ">
    <subfield code="a">Charcas (Audiencia)</subfield>
    <subfield code="2">naf</subfield>
  </datafield>
  <datafield tag="374" ind1=" " ind2=" ">
    <subfield code="a">Judge</subfield>
  </datafield>
  <datafield tag="375" ind1=" " ind2=" ">
    <subfield code="a">male</subfield>
  </datafield>
  <datafield tag="377" ind1=" " ind2=" ">
    <subfield code="a">spa</subfield>
    <subfield code="a">lat</subfield>
  </datafield>
  <datafield tag="400" ind1="1" ind2=" ">
    <subfield code="a">De Velasco, Pedro Vázquez,</subfield>
    <subfield code="d">approximately 1668-approximately 1744</subfield>
  </datafield>
  <datafield tag="400" ind1="1" ind2=" ">
    <subfield code="a">Velasco, Pedro Vázquez de,</subfield>
    <subfield code="d">approximately 1668-approximately 1744</subfield>
  </datafield>
  <datafield tag="400" ind1="1" ind2=" ">
    <subfield code="a">Vásquez de Velasco, Pedro,</subfield>
    <subfield code="d">approximately 1668-approximately 1744</subfield>
  </datafield>
  <datafield tag="670" ind1=" " ind2=" ">
    <subfield code="a">Señor. Don Pedro Vazquez de Velasco, cavallero de la Orden de Calatrava, provito fiscal de la Real Audiencia de Charcas, segunda vez, y por medio de su humilde pluma, se pone à los pies de V. S. su cortedad ..., [1706?] :</subfield>
    <subfield code="b">caption title (Don Pedro Vazquez de Velasco, cavallero de la Orden de Calatrava, provito fiscal de la Real Audiencia de Charcas)</subfield>
  </datafield>
  <datafield tag="670" ind1=" " ind2=" ">
    <subfield code="a">Burkholder &amp; Chadler. Biog. dict. of Audiencia ministers in the Americas, 1982</subfield>
    <subfield code="b">(Vázquez de Velasco, Pedro, circa 1668 to circa 1744; also spelled Vásquez de Velasco, Pedro; he was born in Andahuaylas, Peru and was educated at the Colegio de San Martin in Lima, which he entered in 1688 and from where he got a licentiate degree; went to Spain where he purchased a supernumerary alcalde del crimen position in 1699; he lost this office in 1701; he then held the office of fiscal of the court in 1703; he was jailed in Madrid as a result of a scandal with the widow of a general and returned to Charcas in 1706; in 1724 he became oidor of the Audiencia of Charcas)</subfield>
  </datafield>
</record>